
   <record>
      <leader>00000nz  a2200000nc 4500</leader>
      <controlfield tag="001">institutions/30000024</controlfield>
      <controlfield tag="003">DE-633</controlfield>
      <controlfield tag="005">20250620051951.0</controlfield>
      <controlfield tag="008">161109||||z|||a|||||||||||||||||n||||||d</controlfield>
      <datafield tag="024" ind1="7" ind2=" ">
         <subfield code="a">SK-Mms</subfield>
         <subfield code="q">siglum</subfield>
         <subfield code="2">rism</subfield>
      </datafield>
      <datafield tag="040" ind1=" " ind2=" ">
         <subfield code="a">DE-633</subfield>
         <subfield code="c">DE-633</subfield>
         <subfield code="e">rismg</subfield>
      </datafield>
      <datafield tag="043" ind1=" " ind2=" ">
         <subfield code="c">XA-SK</subfield>
      </datafield>
      <datafield tag="110" ind1="1" ind2=" ">
         <subfield code="a">Matica slovenská</subfield>
         <subfield code="c">Martin</subfield>
         <subfield code="g">SK-Mms</subfield>
      </datafield>
      <datafield tag="368" ind1=" " ind2=" ">
         <subfield code="a">Institution</subfield>
         <subfield code="a">Library</subfield>
      </datafield>
      <datafield tag="410" ind1=" " ind2=" ">
         <subfield code="a">Matica slovenská, Literárny archív</subfield>
      </datafield>
      <datafield tag="410" ind1=" " ind2=" ">
         <subfield code="a">Matica Slovenská, Odděleníe Hudobných Pamiatok</subfield>
      </datafield>
      <datafield tag="410" ind1=" " ind2=" ">
         <subfield code="a">Slovak Association</subfield>
      </datafield>
      <datafield tag="551" ind1="1" ind2=" ">
         <subfield code="a">Martin</subfield>
         <subfield code="0">places/3902770</subfield>
      </datafield>
      <datafield tag="580" ind1="1" ind2=" ">
         <subfield code="x">SK-Msnk</subfield>
         <subfield code="0">institutions/30078802</subfield>
      </datafield>
      <datafield tag="680" ind1="1" ind2=" ">
         <subfield code="a">Siglum je neplatný. Prosím, už ho nepoužívajte. Použite SK-Msnk.</subfield>
      </datafield>
      <datafield tag="680" ind1="1" ind2=" ">
         <subfield code="a">Literárny archív Matice slovenskej s hudobným fondom bol v roku 2000 prevedený do Slovenskej národnej knižnice v Martine.</subfield>
      </datafield>
      <datafield tag="680" ind1="1" ind2=" ">
         <subfield code="a">Sigel ungültig. Bitte nicht mehr verwenden. Benutze SK-Msnk.</subfield>
      </datafield>
      <datafield tag="680" ind1="1" ind2=" ">
         <subfield code="a">Das Literaturarchiv der Matica slovenská mit seiner Musiksammlung ist im Jahre 2000 an die Slowakische Nationalbibliothek in Martin übergegangen.</subfield>
      </datafield>
      <datafield tag="680" ind1="1" ind2=" ">
         <subfield code="a">Siglum invalid. Please use SK-Msnk.</subfield>
      </datafield>
      <datafield tag="680" ind1="1" ind2=" ">
         <subfield code="a">The Matica slovenská literary archive with its music collection was transferred to the Slovak National Library in Martin in 2000.</subfield>
      </datafield>
   </record>