
   <record>
      <leader>00000nz  a2200000nc 4500</leader>
      <controlfield tag="001">institutions/30078802</controlfield>
      <controlfield tag="003">DE-633</controlfield>
      <controlfield tag="005">20250620052120.0</controlfield>
      <controlfield tag="008">161109||||z|||a|||||||||||||||||n||||||d</controlfield>
      <datafield tag="024" ind1="7" ind2=" ">
         <subfield code="a">SK-Msnk</subfield>
         <subfield code="q">siglum</subfield>
         <subfield code="2">rism</subfield>
      </datafield>
      <datafield tag="034" ind1="1" ind2=" ">
         <subfield code="d">18.933021</subfield>
         <subfield code="f">49.069006</subfield>
      </datafield>
      <datafield tag="040" ind1=" " ind2=" ">
         <subfield code="a">DE-633</subfield>
         <subfield code="c">DE-633</subfield>
         <subfield code="e">rismg</subfield>
      </datafield>
      <datafield tag="043" ind1=" " ind2=" ">
         <subfield code="c">XA-SK</subfield>
      </datafield>
      <datafield tag="110" ind1="1" ind2=" ">
         <subfield code="a">Slovenská národná knižnica - Literárny archív - Hudobné fondy a zbierky</subfield>
         <subfield code="c">Martin</subfield>
         <subfield code="g">SK-Msnk</subfield>
      </datafield>
      <datafield tag="368" ind1=" " ind2=" ">
         <subfield code="a">Institution</subfield>
         <subfield code="a">Library</subfield>
      </datafield>
      <datafield tag="371" ind1=" " ind2=" ">
         <subfield code="a">Námestie J. C. Hronského 1</subfield>
         <subfield code="b">Martin</subfield>
         <subfield code="d">Slovakia</subfield>
         <subfield code="e">036 01</subfield>
         <subfield code="u">http://www.snk.sk/sk/zbierky-a-zdroje/zbierky-literarneho-archivu-snk/hudobne-rukopisy.html</subfield>
      </datafield>
      <datafield tag="410" ind1=" " ind2=" ">
         <subfield code="a">Slovak National Library (SNL), Literary Archive - Music Collections</subfield>
      </datafield>
      <datafield tag="410" ind1=" " ind2=" ">
         <subfield code="a">Literárny archív Slovenskej národnej knižnice</subfield>
      </datafield>
      <datafield tag="551" ind1="1" ind2=" ">
         <subfield code="a">Martin</subfield>
         <subfield code="0">places/3902770</subfield>
      </datafield>
      <datafield tag="667" ind1=" " ind2=" ">
         <subfield code="a">Published sources: 286</subfield>
      </datafield>
      <datafield tag="680" ind1="1" ind2=" ">
         <subfield code="a">Das Literaturarchiv der Matica slovenská mit seiner Musiksammlung ist im Jahre 2000 an die Slowakische Nationalbibliothek in Martin übergegangen.</subfield>
      </datafield>
   </record>