
   <record>
      <leader>00000nz  a2200000nc 4500</leader>
      <controlfield tag="001">institutions/51006803</controlfield>
      <controlfield tag="003">DE-633</controlfield>
      <controlfield tag="005">20250620052310.0</controlfield>
      <controlfield tag="008">221013||||z|||a|||||||||||||||||n||||||d</controlfield>
      <datafield tag="024" ind1="7" ind2=" ">
         <subfield code="a">122442684</subfield>
         <subfield code="2">VIAF</subfield>
      </datafield>
      <datafield tag="024" ind1="7" ind2=" ">
         <subfield code="a">183158185671220060055</subfield>
         <subfield code="2">VIAF</subfield>
      </datafield>
      <datafield tag="024" ind1="7" ind2=" ">
         <subfield code="a">SK-Ndk</subfield>
         <subfield code="q">siglum</subfield>
         <subfield code="2">rism</subfield>
      </datafield>
      <datafield tag="034" ind1="1" ind2=" ">
         <subfield code="d">18.088478670390423</subfield>
         <subfield code="f">48.316135704669556</subfield>
      </datafield>
      <datafield tag="040" ind1=" " ind2=" ">
         <subfield code="a">DE-633</subfield>
         <subfield code="c">DE-633</subfield>
         <subfield code="e">rismg</subfield>
      </datafield>
      <datafield tag="043" ind1=" " ind2=" ">
         <subfield code="c">XA-SK</subfield>
      </datafield>
      <datafield tag="110" ind1="1" ind2=" ">
         <subfield code="a">Diecézna knižnica</subfield>
         <subfield code="c">Nitra</subfield>
         <subfield code="g">SK-Ndk</subfield>
      </datafield>
      <datafield tag="368" ind1=" " ind2=" ">
         <subfield code="a">Institution</subfield>
         <subfield code="a">Library</subfield>
      </datafield>
      <datafield tag="371" ind1=" " ind2=" ">
         <subfield code="a">Samova 14</subfield>
         <subfield code="b">949 01 Nitra</subfield>
         <subfield code="d">Slovakia</subfield>
         <subfield code="u">http://www.biskupstvo-nitra.sk/institucie/diecezna-kniznica/</subfield>
      </datafield>
      <datafield tag="551" ind1="1" ind2=" ">
         <subfield code="a">Nitra</subfield>
         <subfield code="0">places/3902364</subfield>
      </datafield>
   </record>